<?xml version="1.0" encoding="utf-8"?>
<record xmlns="http://www.loc.gov/MARC21/slim" xmlns:xsi="http://www.w3.org/2001/XMLSchema-instance" xsi:schemaLocation="http://www.loc.gov/MARC21/slim http://www.loc.gov/standards/marcxml/schema/MARC21slim.xsd">
	<leader>     nam a22     Mi 4500</leader>
	<controlfield tag="001">b12499316</controlfield>
	<controlfield tag="003">LeBAU</controlfield>
	<controlfield tag="006">m        d        </controlfield>
	<controlfield tag="007">cr cn |||m|||a</controlfield>
	<controlfield tag="008">180604s1950    sy abef o    o||1 0 ara d</controlfield>
	<datafield ind1=" " ind2=" " tag="040">
		<subfield code="a">ZYU</subfield>
		<subfield code="b">ara</subfield>
		<subfield code="e">rda</subfield>
		<subfield code="c">ZYU</subfield>
	</datafield>
	<datafield ind1="0" ind2="4" tag="082">
		<subfield code="a">709.38</subfield>
		<subfield code="2">22</subfield>
	</datafield>
	<datafield ind1="1" ind2=" " tag="100">
		<subfield code="6">880-01</subfield>
		<subfield code="a">ʻAbd al-Ḥaqq, Salīm ʻĀdil,</subfield>
		<subfield code="e">author.</subfield>
	</datafield>
	<datafield ind1="1" ind2="0" tag="245">
		<subfield code="6">880-02</subfield>
		<subfield code="a">al-Fann al-ighrīqī wa āthāruhu al-mashhūrah fī al-Sharq :</subfield>
		<subfield code="b">abḥāth mukhtaṣarah fī funūn al-naḥt wa-al-ʻamārah wa-tanẓīm al-mudun ʻinda al-Ighrīqīyīn /</subfield>
		<subfield code="c">taʼlīf Salīm ʻĀdil ʻAbd al-Ḥaqq, mudīr al-āthār al-‘āmm fī Sūrīyah.</subfield>
	</datafield>
	<datafield ind1=" " ind2="1" tag="264">
		<subfield code="6">880-03</subfield>
		<subfield code="a">Dimashq :</subfield>
		<subfield code="b">Maṭbū‘āt Mudīrīyat al-Āthār al-‘Āmmah fī Sūrīyah,</subfield>
		<subfield code="c">1369 H. = 1950 M.</subfield>
	</datafield>
	<datafield ind1=" " ind2=" " tag="300">
		<subfield code="6">880-04</subfield>
		<subfield code="a">online resource (223 pages, 42 unnumbered pages of plates) :</subfield>
		<subfield code="b">illustrations, maps, plan</subfield>
	</datafield>
	<datafield ind1=" " ind2=" " tag="336">
		<subfield code="a">text</subfield>
		<subfield code="2">rdacontent</subfield>
	</datafield>
	<datafield ind1=" " ind2=" " tag="337">
		<subfield code="a">computer</subfield>
		<subfield code="2">rdamedia</subfield>
	</datafield>
	<datafield ind1=" " ind2=" " tag="338">
		<subfield code="a">online resource</subfield>
		<subfield code="2">rdacarrier</subfield>
	</datafield>
	<datafield ind1=" " ind2=" " tag="500">
		<subfield code="a">يتضمن كشاف.</subfield>
	</datafield>
	<datafield ind1=" " ind2=" " tag="500">
		<subfield code="a">Part of the Arabic Collections Online (ACO) project, contributed by American University of Beirut's Jafet Memorial Library.</subfield>
	</datafield>
	<datafield ind1=" " ind2=" " tag="504">
		<subfield code="a">ببليوغرافيا: صفحات 226-227.</subfield>
	</datafield>
	<datafield ind1=" " ind2=" " tag="533">
		<subfield code="a">Electronic reproduction.</subfield>
		<subfield code="b">New York, N.Y. :</subfield>
		<subfield code="c">New York University,</subfield>
		<subfield code="d">2018.</subfield>
		<subfield code="5">NNU</subfield>
	</datafield>
	<datafield ind1=" " ind2="4" tag="650">
		<subfield code="a">الفن اليوناني</subfield>
		<subfield code="x">تاريخ.</subfield>
	</datafield>
	<datafield ind1=" " ind2="4" tag="650">
		<subfield code="a">الحضارة العربية</subfield>
		<subfield code="x">التأثيرات اليونانية.</subfield>
	</datafield>
	<datafield ind1=" " ind2="0" tag="650">
		<subfield code="a">Art, Greek</subfield>
		<subfield code="x">History.</subfield>
	</datafield>
	<datafield ind1=" " ind2="0" tag="650">
		<subfield code="a">Civilization, Arab</subfield>
		<subfield code="x">Greek influences.</subfield>
	</datafield>
	<datafield ind1="2" ind2=" " tag="710">
		<subfield code="a">Jafet Memorial Library.</subfield>
	</datafield>
	<datafield ind1="0" ind2=" " tag="730">
		<subfield code="a">Arabic Collections Online.</subfield>
	</datafield>
	<datafield ind1="0" ind2="8" tag="776">
		<subfield code="i">Print version:</subfield>
		<subfield code="a">ʻAbd al-Ḥaqq, Salīm ʻĀdil, author.</subfield>
		<subfield code="t">al-Fann al-ighrīqī wa āthāruhu al-mashhūrah fī al-Sharq</subfield>
		<subfield code="w">(LeBAU)b12499316</subfield>
	</datafield>
	<datafield ind1="4" ind2="0" tag="856">
		<subfield code="u">http://hdl.handle.net/2333.1/hmgqnsj0</subfield>
	</datafield>
	<datafield ind1="1" ind2=" " tag="880">
		<subfield code="6">100-01</subfield>
		<subfield code="a">عبد الحق، سليم عادل،</subfield>
		<subfield code="e">مؤلف. </subfield>
		<subfield code="4">aut.</subfield>
	</datafield>
	<datafield ind1="1" ind2="3" tag="880">
		<subfield code="6">245-02</subfield>
		<subfield code="a">الفن الإغريقي وآثاره المشهورة في الشرق :</subfield>
		<subfield code="b">أبحاث مختصرة في فنون النحت والعمارة وتنظيم المدن عند الإغريقيين /</subfield>
		<subfield code="c">تأليف الدكتور سليم عادل عبد الحق، مدير الآثار العام في سورية.</subfield>
	</datafield>
	<datafield ind1=" " ind2=" " tag="880">
		<subfield code="6">300-04</subfield>
		<subfield code="a">233 صفحة، 42 صفحة لوحات مرقمة :</subfield>
		<subfield code="b">مصورات، خرائط، مخطط هندسي ؛</subfield>
		<subfield code="c">24 سم</subfield>
	</datafield>
	<datafield ind1=" " ind2="1" tag="880">
		<subfield code="6">264-03</subfield>
		<subfield code="a">دمشق :</subfield>
		<subfield code="b">مطبوعات مديرية الآثار العامة في سورية،</subfield>
		<subfield code="c">1369 هـ. = 1950 م.</subfield>
	</datafield>
	<datafield ind1=" " ind2=" " tag="959">
		<subfield code="a">NNU</subfield>
		<subfield code="b">WEB</subfield>
		<subfield code="c">GENI</subfield>
		<subfield code="t">0</subfield>
		<subfield code="m">Electronic access</subfield>
		<subfield code="s">01</subfield>
	</datafield>
	<datafield ind1=" " ind2=" " tag="999">
		<subfield code="i">LeBAU_b12499316</subfield>
		<subfield code="s">aub_aco002085</subfield>
		<subfield code="e">(ERROR-MISC)</subfield>
	</datafield>
</record>
